
@InProceedings{   baluta2021scalable,
  author        = {Baluta, Teodora and Chua, Zheng Leong and Meel, Kuldeep S
                  and Saxena, Prateek},
  booktitle     = {2021 IEEE/ACM 43rd International Conference on Software
                  Engineering (ICSE)},
  organization  = {IEEE},
  pages         = {312--323},
  title         = {Scalable quantitative verification for deep neural
                  networks},
  year          = 2021
}

@InProceedings{   berend2020cats,
  author        = {Berend, David and Xie, Xiaofei and Ma, Lei and Zhou,
                  Lingjun and Liu, Yang and Xu, Chi and Zhao, Jianjun},
  booktitle     = {Proceedings of the 35th IEEE/ACM International Conference
                  on Automated Software Engineering},
  pages         = {1041--1052},
  title         = {Cats are not fish: Deep learning testing calls for
                  out-of-distribution awareness},
  year          = 2020
}

@InProceedings{   braiek2019deepevolution,
  author        = {Braiek, Houssem Ben and Khomh, Foutse},
  booktitle     = {2019 IEEE International Conference on Software Maintenance
                  and Evolution (ICSME)},
  organization  = {IEEE},
  pages         = {454--458},
  title         = {DeepEvolution: A search-based testing approach for deep
                  neural networks},
  year          = 2019
}

@InProceedings{   chattopadhyay2020wrong,
  title         = {What's wrong with computational notebooks? Pain points,
                  needs, and design opportunities},
  author        = {Chattopadhyay, Souti and Prasad, Ishita and Henley, Austin
                  Z and Sarma, Anita and Barik, Titus},
  booktitle     = {Proceedings of the 2020 CHI conference on human factors in
                  computing systems},
  pages         = {1--12},
  year          = {2020}
}

@InProceedings{   gao2020fuzz,
  author        = {Gao, Xiang and Saha, Ripon K and Prasad, Mukul R and
                  Roychoudhury, Abhik},
  booktitle     = {2020 IEEE/ACM 42nd International Conference on Software
                  Engineering (ICSE)},
  organization  = {IEEE},
  pages         = {1147--1158},
  title         = {Fuzz testing based data augmentation to improve robustness
                  of deep neural networks},
  year          = 2020
}

@InProceedings{   gerasimou2020importance,
  author        = {Gerasimou, Simos and Eniser, Hasan Ferit and Sen, Alper
                  and Cakan, Alper},
  booktitle     = {2020 IEEE/ACM 42nd International Conference on Software
                  Engineering (ICSE)},
  organization  = {IEEE},
  pages         = {702--713},
  title         = {Importance-driven deep learning system testing},
  year          = 2020
}

@InProceedings{   he2020structure,
  author        = {He, Pinjia and Meister, Clara and Su, Zhendong},
  booktitle     = {2020 IEEE/ACM 42nd International Conference on Software
                  Engineering (ICSE)},
  organization  = {IEEE},
  pages         = {961--973},
  title         = {Structure-invariant testing for machine translation},
  year          = 2020
}

@InProceedings{   head2019managing,
  title         = {Managing messes in computational notebooks},
  author        = {Head, Andrew and Hohman, Fred and Barik, Titus and
                  Drucker, Steven M and DeLine, Robert},
  booktitle     = {Proceedings of the 2019 CHI Conference on Human Factors in
                  Computing Systems},
  pages         = {1--12},
  year          = {2019}
}

@InProceedings{   ji2021automated,
  author        = {Ji, Pin and Feng, Yang and Liu, Jia and Zhao, Zhihong and
                  Xu, Baowen},
  booktitle     = {2021 36th IEEE/ACM International Conference on Automated
                  Software Engineering (ASE)},
  organization  = {IEEE},
  pages         = {468--479},
  title         = {Automated Testing for Machine Translation via Constituency
                  Invariance},
  year          = 2021
}

@Article{         kandel2012enterprise,
  title         = {Enterprise data analysis and visualization: An interview
                  study},
  author        = {Kandel, Sean and Paepcke, Andreas and Hellerstein, Joseph
                  M and Heer, Jeffrey},
  journal       = {IEEE transactions on visualization and computer graphics},
  volume        = {18},
  number        = {12},
  pages         = {2917--2926},
  year          = {2012},
  publisher     = {IEEE}
}

@InProceedings{   kery2018story,
  title         = {The story in the notebook: Exploratory data science using
                  a literate programming tool},
  author        = {Kery, Mary Beth and Radensky, Marissa and Arya, Mahima and
                  John, Bonnie E and Myers, Brad A},
  booktitle     = {Proceedings of the 2018 CHI conference on human factors in
                  computing systems},
  pages         = {1--11},
  year          = {2018}
}

@Article{         liu2019understanding,
  title         = {Understanding the role of alternatives in data analysis
                  practices},
  author        = {Liu, Jiali and Boukhelifa, Nadia and Eagan, James R},
  journal       = {IEEE transactions on visualization and computer graphics},
  volume        = {26},
  number        = {1},
  pages         = {66--76},
  year          = {2019},
  publisher     = {IEEE}
}

@InProceedings{   pimentel2019large,
  title         = {A large-scale study about quality and reproducibility of
                  jupyter notebooks},
  author        = {Pimentel, Jo{\~a}o Felipe and Murta, Leonardo and
                  Braganholo, Vanessa and Freire, Juliana},
  booktitle     = {2019 IEEE/ACM 16th international conference on mining
                  software repositories (MSR)},
  pages         = {507--517},
  year          = 2019,
  organization  = {IEEE}
}

@Article{         psallidas2019data,
  title         = {Data science through the looking glass and what we found
                  there},
  author        = {Psallidas, Fotis and Zhu, Yiwen and Karlas, Bojan and
                  Interlandi, Matteo and Floratou, Avrilia and Karanasos,
                  Konstantinos and Wu, Wentao and Zhang, Ce and Krishnan,
                  Subru and Curino, Carlo and others},
  journal       = {arXiv preprint arXiv:1912.09536},
  year          = {2019}
}

@InProceedings{   quaranta2021kgtorrent,
  title         = {KGTorrent: A dataset of python Jupyter notebooks from
                  kaggle},
  author        = {Quaranta, Luigi and Calefato, Fabio and Lanubile,
                  Filippo},
  booktitle     = {2021 IEEE/ACM 18th International Conference on Mining
                  Software Repositories (MSR)},
  pages         = {550--554},
  year          = 2021,
  organization  = {IEEE}
}

@InProceedings{   sun2020automatic,
  author        = {Sun, Zeyu and Zhang, Jie M and Harman, Mark and Papadakis,
                  Mike and Zhang, Lu},
  booktitle     = {Proceedings of the ACM/IEEE 42nd International Conference
                  on Software Engineering},
  pages         = {974--985},
  title         = {Automatic testing and improvement of machine translation},
  year          = 2020
}

@InProceedings{   wang2019adversarial,
  author        = {Wang, Jingyi and Dong, Guoliang and Sun, Jun and Wang,
                  Xinyu and Zhang, Peixin},
  booktitle     = {2019 IEEE/ACM 41st International Conference on Software
                  Engineering (ICSE)},
  organization  = {IEEE},
  pages         = {1245--1256},
  title         = {Adversarial sample detection for deep neural network
                  through model mutation testing},
  year          = 2019
}

@InProceedings{   wang2020dissector,
  author        = {Wang, Huiyan and Xu, Jingwei and Xu, Chang and Ma,
                  Xiaoxing and Lu , Jian},
  booktitle     = {2020 IEEE/ACM 42nd International Conference on Software
                  Engineering (ICSE)},
  organization  = {IEEE},
  pages         = {727--738},
  title         = {Dissector: Input validation for deep learning applications
                  by crossing-layer dissection},
  year          = 2020
}

@InProceedings{   wang2021robot,
  author        = {Wang, Jingyi and Chen, Jialuo and Sun, Youcheng and Ma,
                  Xingjun and Wang, Dongxia and Sun, Jun and Cheng, Peng},
  booktitle     = {2021 IEEE/ACM 43rd International Conference on Software
                  Engineering (ICSE)},
  organization  = {IEEE},
  pages         = {300--311},
  title         = {Robot: robustness-oriented testing for deep learning
                  systems},
  year          = 2021
}

@InProceedings{   xiao2021self,
  author        = {Xiao, Yan and Beschastnikh, Ivan and Rosenblum, David S
                  and Sun, Changsheng and Elbaum, Sebastian and Lin, Yun and
                  Dong, Jin Song},
  booktitle     = {2021 IEEE/ACM 43rd International Conference on Software
                  Engineering (ICSE)},
  organization  = {IEEE},
  pages         = {372--384},
  title         = {Self-checking deep neural networks in deployment},
  year          = 2021
}

@InProceedings{   yang2021subtle,
  title         = {Subtle bugs everywhere: Generating documentation for data
                  wrangling code},
  author        = {Yang, Chenyang and Zhou, Shurui and Guo, Jin LC and
                  K{\"a}stner, Christian},
  booktitle     = {2021 36th IEEE/ACM International Conference on Automated
                  Software Engineering (ASE)},
  pages         = {304--316},
  year          = {2021},
  organization  = {IEEE}
}

@InProceedings{   zhang2020white,
  author        = {Zhang, Peixin and Wang, Jingyi and Sun, Jun and Dong,
                  Guoliang and Wang, Xinyu and Wang, Xingen and Dong, Jin
                  Song and Dai, Ting},
  booktitle     = {Proceedings of the ACM/IEEE 42nd International Conference
                  on Software Engineering},
  pages         = {949--960},
  title         = {White-box fairness testing through adversarial sampling},
  year          = 2020
}

@InProceedings{   zhu2021deepmemory,
  author        = {Zhu, Derui and Chen, Jinfu and Shang, Weiyi and Zhou,
                  Xuebing and Grossklags, Jens and Hassan, Ahmed E},
  booktitle     = {2021 36th IEEE/ACM International Conference on Automated
                  Software Engineering (ASE)},
  organization  = {IEEE},
  pages         = {1003--1015},
  title         = {DeepMemory: Model-based Memorization Analysis of Deep
                  Neural Language Models},
  year          = 2021
}
