@inproceedings{shome2023towards,
  title =	 {Towards Understanding Machine Learning Testing in
                  Practise},
  author =	 {Shome, Arumoy and Cruz, Luis and van Deursen, Arie},
  booktitle =	 {Proceedings of the 2nd International Conference on
                  AI Engineering: Software Engineering for AI},
  year =	 2023
}

@article{zhang2020machine,
  title =	 {Machine learning testing: Survey, landscapes and
                  horizons},
  author =	 {Zhang, Jie M and Harman, Mark and Ma, Lei and Liu,
                  Yang},
  journal =	 {IEEE Transactions on Software Engineering},
  year =	 2020,
  publisher =	 {IEEE},
}

@inproceedings{quaranta2021kgtorrent,
  title =	 {KGTorrent: A dataset of python Jupyter notebooks
                  from kaggle},
  author =	 {Quaranta, Luigi and Calefato, Fabio and Lanubile,
                  Filippo},
  booktitle =	 {2021 IEEE/ACM 18th International Conference on
                  Mining Software Repositories (MSR)},
  pages =	 {550--554},
  year =	 2021,
  organization = {IEEE},
}

@inproceedings{pimentel2019large,
  title =	 {A large-scale study about quality and
                  reproducibility of jupyter notebooks},
  author =	 {Pimentel, Jo{\~a}o Felipe and Murta, Leonardo and
                  Braganholo, Vanessa and Freire, Juliana},
  booktitle =	 {2019 IEEE/ACM 16th international conference on
                  mining software repositories (MSR)},
  pages =	 {507--517},
  year =	 2019,
  organization = {IEEE},
}
